@book{tapl,
    title = {型システム入門 −プログラミング言語と型の理論−},
    shorttitle = {型システム入門},
    isbn = {978-4-274-06911-6},
    publisher = {オーム社},
    author = {Pierce, Benjamin C. and 住井, 英二郎},
    translator = {遠藤, 侑介 and 酒井, 政裕 and 今井, 敬吾 and 黒木, 裕介 and 今井, 宜洋 and 才川, 隆文 and 今井, 健男},
    date = {2013-03-26}
}

@book{ono-logic,
    title = {情報科学における論理},
    isbn = {978-4-535-60814-6},
    publisher = {日本評論社},
    author = {小野, 寛晰},
    date = {1994-04-01}
}

@book{arihon,
    location = {東京},
    edition = {第2版},
    title = {プログラミングコンテストチャレンジブック [第2版] ～問題解決のアルゴリズム活用力とコーディングテクニックを鍛える～},
    shorttitle = {プログラミングコンテストチャレンジブック [第2版]},
    isbn = {978-4-8399-4106-2},
    publisher = {マイナビ},
    author = {秋葉, 拓哉 and 岩田, 陽一 and 北川, 宜稔},
    date = {2012-01-28}
}

@book{tiger-book,
    location = {東京},
    title = {最新コンパイラ構成技法},
    isbn = {978-4-7981-1468-2},
    publisher = {翔泳社},
    author = {Appel, Andrew W. and 神林, 靖 and 滝本, 宗宏},
    date = {2009-10-30}
}

@book{kunen-foundation,
    location = {東京},
    title = {キューネン数学基礎論講義},
    isbn = {978-4-535-78748-3},
    publisher = {日本評論社},
    author = {Kunen, Kenneth},
    translator = {藤田, 博司},
    date = {2016-07-21}
}

@book{okasaki-data-structure,
    location = {東京},
    title = {純粋関数型データ構造},
    isbn = {978-4-04-893056-7},
    publisher = {{KADOKAWA}},
    author = {Okasaki, Chris},
    translator = {稲葉, 一浩 and 遠藤, 侑介},
    date = {2017-04-28}
}

@book{terui-computer-math,
    location = {東京},
    title = {コンピュータは数学者になれるのか? -数学基礎論から証明とプログラムの理論へ-},
    isbn = {978-4-7917-6851-6},
    shorttitle = {コンピュータは数学者になれるのか?},
    publisher = {青土社},
    author = {照井, 一成},
    date = {2015-02-24}
}

@book{tourobo,
    location = {東京},
    title = {人工知能プロジェクト「ロボットは東大に入れるか」: 第三次{AIブームの到達点と限界}},
    isbn = {978-4-13-061407-8},
    shorttitle = {人工知能プロジェクト「ロボットは東大に入れるか」},
    publisher = {東京大学出版会},
    author = {新井, 紀子 and 東中, 竜一郎},
    date = {2018-09-27}
}

@book{hopcroft,
    edition = {第2版},
    title = {オートマトン言語理論 計算論〈1〉},
    isbn = {978-4-7819-1026-0},
    publisher = {サイエンス社},
    author = {Hopcroft, John E. and Ullman, Jeffrey D. and Motwani, Rajeev},
    translator = {野崎, 昭弘 and 町田, 元 and 高橋, 正子 and 山崎, 秀記},
    date = {2003-04-01}
}
